@online{Sharp,
	title = {How Big Is Earth?},
	publisher = {Space.com},
	author = {Tim Sharp},
	year = {2017},
	url = {https://www.space.com/17638-how-big-is-earth.html}
}

@online{Density,
	title = {U.S. Standard Atmosphere},
	publisher = {Engineering ToolBox},
	year = {2003},
	url = {https://www.engineeringtoolbox.com/standard-atmosphere-d_604.html}
}